@misc{SinglePixelCamera,
  title =		{Strona internetowa projektu Single Pixel Camera},
  year =		{2014},
  howpublished =        "\url{http://dsp.rice.edu/cscamera}"
}

@book{IntroductionCS,
  author={M. Davenport i inni},
  title={Introduction to Compressed Sensing in Compressed Sensing: Theory and Applications},
  date={2012},
  journaltitle={Cambridge University Press}
}

@misc{JPEG2000,
  author={JPEG Comittee},
  howpublished= \url{"http://www.jpeg.org/.demo/FAQJpeg2k/coding-and-compression.htm"}
}

@article{CandesIntro,
  author={E. Candes, M.Wakin},
  title={An Introduction To Compressive Sampling},
  journaltitle={IEEE Signal Processing Magazine},
  year={2008}
}


